@article{article1,
  title={Implementasi Algoritma Dijkstra Dalam Menemukan Jarak Terdekat Dari Lokasi Pengguna Ke Tanaman Yang Di Tuju Berbasis Android (Studi Kasus di Kebun Raya Purwodadi)},
  author={Muhammad Syamsuddin Yusuf, Hanifah Muslimah Az-Zahra, Diah Harnoni Apriyanti},
  journal={Jurnal Pengembangan Teknologi Informasi dan Ilmu Komputer e-ISSN},
  volume={2548},
  pages={964X},
  year={2017}
}

@book{book1,
   author = {Kenneth H Rosen},
   year = {2012},
   title = {Discrete Mathematics and Itâ€™s Applications - Seventh Edition},
   publisher = {McGraw-Hill.Inc},
}

@book{book2,
   author = {Edsger Dijkstra},
   year = {1959},
   title = {A Note on Two Problems in Connection with Graphs},
}